@article{DBLP:journals/corr/abs-1210-0481,
  author    = {Todd L. Veldhuizen},
  title     = {Leapfrog Triejoin: a worst-case optimal join algorithm},
  journal   = {CoRR},
  volume    = {abs/1210.0481},
  year      = {2012},
  url       = {http://arxiv.org/abs/1210.0481},
  timestamp = {Fri, 02 Nov 2012 14:53:01 +0100},
  biburl    = {http://dblp.uni-trier.de/rec/bib/journals/corr/abs-1210-0481},
  bibsource = {dblp computer science bibliography, http://dblp.org}
}

@article{kuszmaul2009fractal,
  title={How fractal trees work},
  author={Kuszmaul, Bradley C},
  journal={OpenSQL Camp},
  year={2009}
}
